%% This BibTeX bibliography file was created using BibDesk.
%% http://bibdesk.sourceforge.net/


%% Created for Spencer Smith at 2018-03-06 10:19:54 -0500 


%% Saved with string encoding Unicode (UTF-8) 



@book{GhezziEtAl2003,
	Address = {Upper Saddle River, NJ, USA},
	Author = {Carlo Ghezzi and Mehdi Jazayeri and Dino Mandrioli},
	Date-Added = {2018-03-06 15:19:42 +0000},
	Date-Modified = {2018-03-06 15:19:42 +0000},
	Edition = {2nd},
	Keywords = {software engineering},
	Publisher = {Prentice Hall},
	Title = {Fundamentals of Software Engineering},
	Year = {2003}}

@book{HoffmanAndStrooper1995,
	Address = {New York, NY, USA},
	Author = {Daniel M. Hoffman and Paul A. Strooper},
	Date-Added = {2018-03-06 15:19:30 +0000},
	Date-Modified = {2018-03-06 15:19:30 +0000},
	Local-Url = {file://localhost/Users/smiths/LongTermArchives/Work/Research/References/SoftwareEngineering/software-design-automated-testing.pdf},
	Publisher = {International Thomson Computer Press},
	Title = {Software Design, Automated Testing, and Maintenance: A Practical Approach},
	Url = {http:// citeseer.ist.psu.edu/428727.html},
	Year = {1995},
	Bdsk-File-1 = {YnBsaXN0MDDUAQIDBAUGJCVYJHZlcnNpb25YJG9iamVjdHNZJGFyY2hpdmVyVCR0b3ASAAGGoKgHCBMUFRYaIVUkbnVsbNMJCgsMDxJXTlMua2V5c1pOUy5vYmplY3RzViRjbGFzc6INDoACgAOiEBGABIAFgAdccmVsYXRpdmVQYXRoWWFsaWFzRGF0YV8QQi4uLy4uLy4uLy4uLy4uL1dvcmsvUmVzZWFyY2gvUmVmZXJlbmNlcy9Ib2ZmbWFuQW5kU3Ryb29wZXIxOTk1LnBkZtIXCxgZV05TLmRhdGFPEQGWAAAAAAGWAAIAAAxNYWNpbnRvc2ggSEQAAAAAAAAAAAAAAAAAAAAAAAAAQkQAAf////8aSG9mZm1hbkFuZFN0cm9vcGVyMTk5NS5wZGYAAAAAAAAAAAAAAAAAAAAAAAAAAAAAAAAAAAAAAAAAAAAAAAAA/////wAAAABQREYgQ0FSTwAFAAQAAAogY3UAAAAAAAAAAAAAAAAAClJlZmVyZW5jZXMAAgBCLzpVc2VyczpzbWl0aHM6V29yazpSZXNlYXJjaDpSZWZlcmVuY2VzOkhvZmZtYW5BbmRTdHJvb3BlcjE5OTUucGRmAA4ANgAaAEgAbwBmAGYAbQBhAG4AQQBuAGQAUwB0AHIAbwBvAHAAZQByADEAOQA5ADUALgBwAGQAZgAPABoADABNAGEAYwBpAG4AdABvAHMAaAAgAEgARAASAEBVc2Vycy9zbWl0aHMvV29yay9SZXNlYXJjaC9SZWZlcmVuY2VzL0hvZmZtYW5BbmRTdHJvb3BlcjE5OTUucGRmABMAAS8AABUAAgAN//8AAIAG0hscHR5aJGNsYXNzbmFtZVgkY2xhc3Nlc11OU011dGFibGVEYXRhox0fIFZOU0RhdGFYTlNPYmplY3TSGxwiI1xOU0RpY3Rpb25hcnmiIiBfEA9OU0tleWVkQXJjaGl2ZXLRJidUcm9vdIABAAgAEQAaACMALQAyADcAQABGAE0AVQBgAGcAagBsAG4AcQBzAHUAdwCEAI4A0wDYAOACegJ8AoECjAKVAqMCpwKuArcCvALJAswC3gLhAuYAAAAAAAACAQAAAAAAAAAoAAAAAAAAAAAAAAAAAAAC6A==},
	Bdsk-Url-1 = {http://%20citeseer.ist.psu.edu/428727.html}}

@book{RobertsonAndRobertson2012,
	Author = {James Robertson and Suzanne Robertson},
	Date-Added = {2016-09-22 13:54:40 +0000},
	Date-Modified = {2016-09-22 14:01:42 +0000},
	Edition = {16},
	Publisher = {Atlantic Systems Guild Limited},
	Title = {Volere Requirements Specification Template},
	Year = {2012}}

@article{ParnasAndClements1986,
	Author = {David L. Parnas and P.C. Clements},
	Date-Added = {2016-09-10 13:11:57 +0000},
	Date-Modified = {2016-09-10 13:11:57 +0000},
	Journal = {IEEE Transactions on Software Engineering},
	Number = {2},
	Pages = {251--257},
	Title = {A Rational Design Process: How and Why to Fake it},
	Volume = {12},
	Year = {February 1986},
	Bdsk-File-1 = {YnBsaXN0MDDUAQIDBAUGJCVYJHZlcnNpb25YJG9iamVjdHNZJGFyY2hpdmVyVCR0b3ASAAGGoKgHCBMUFRYaIVUkbnVsbNMJCgsMDxJXTlMua2V5c1pOUy5vYmplY3RzViRjbGFzc6INDoACgAOiEBGABIAFgAdccmVsYXRpdmVQYXRoWWFsaWFzRGF0YV8QQy4uLy4uLy4uLy4uL3NlNHNjL1NjaUNvbXBBbmRTb2Z0RW5nUGFwZXJzL1Bhcm5hc0FuZENsZW1lbnRzMTk4Ni5wZGbSFwsYGVdOUy5kYXRhTxEBtgAAAAABtgACAAAMTWFjaW50b3NoIEhEAAAAAAAAAAAAAAAAAAAAAAAAAEJEAAH/////GVBhcm5hc0FuZENsZW1lbnRzMTk4Ni5wZGYAAAAAAAAAAAAAAAAAAAAAAAAAAAAAAAAAAAAAAAAAAAAAAAAAAP////8AAAAAAAAAAAAAAAAABAADAAAKIGN1AAAAAAAAAAAAAAAAABdTY2lDb21wQW5kU29mdEVuZ1BhcGVycwAAAgBMLzpVc2VyczpzbWl0aHM6UmVwb3M6c2U0c2M6U2NpQ29tcEFuZFNvZnRFbmdQYXBlcnM6UGFybmFzQW5kQ2xlbWVudHMxOTg2LnBkZgAOADQAGQBQAGEAcgBuAGEAcwBBAG4AZABDAGwAZQBtAGUAbgB0AHMAMQA5ADgANgAuAHAAZABmAA8AGgAMAE0AYQBjAGkAbgB0AG8AcwBoACAASABEABIASlVzZXJzL3NtaXRocy9SZXBvcy9zZTRzYy9TY2lDb21wQW5kU29mdEVuZ1BhcGVycy9QYXJuYXNBbmRDbGVtZW50czE5ODYucGRmABMAAS8AABUAAgAN//8AAIAG0hscHR5aJGNsYXNzbmFtZVgkY2xhc3Nlc11OU011dGFibGVEYXRhox0fIFZOU0RhdGFYTlNPYmplY3TSGxwiI1xOU0RpY3Rpb25hcnmiIiBfEA9OU0tleWVkQXJjaGl2ZXLRJidUcm9vdIABAAgAEQAaACMALQAyADcAQABGAE0AVQBgAGcAagBsAG4AcQBzAHUAdwCEAI4A1ADZAOECmwKdAqICrQK2AsQCyALPAtgC3QLqAu0C/wMCAwcAAAAAAAACAQAAAAAAAAAoAAAAAAAAAAAAAAAAAAADCQ==}}
